@inproceedings{littman1996generalized,
  title={A generalized reinforcement-learning model: Convergence and applications},
  author={Littman, Michael L and Szepesv{\'a}ri, Csaba},
  booktitle={ICML},
  volume={96},
  pages={310--318},
  year={1996},
  organization={Citeseer}
}

@article{dearden1998bayesian,
  title={Bayesian Q-learning},
  author={Dearden, Richard and Friedman, Nir and Russell, Stuart},
  journal={Aaai/iaai},
  volume={1998},
  pages={761--768},
  year={1998}
}

@inproceedings{asadi2017alternative,
  title={An alternative softmax operator for reinforcement learning},
  author={Asadi, Kavosh and Littman, Michael L},
  booktitle={International Conference on Machine Learning},
  pages={243--252},
  year={2017},
  organization={PMLR}
}